<?xml version="1.0" encoding="UTF-8"?><collection xmlns="http://www.loc.gov/MARC21/slim"><record><leader>00359nam--2200133-i-4500</leader><controlfield tag="001">000035500</controlfield><controlfield tag="002">20161230</controlfield><controlfield tag="005">20161230201040</controlfield><controlfield tag="008">060222s1000------------r-----000-0-eng-d</controlfield><datafield ind1=" " ind2=" " tag="080"><subfield code="a">621.382.3:621.396.62</subfield></datafield><datafield ind1=" " ind2=" " tag="100"><subfield code="a">Pabst, Bernhard</subfield></datafield><datafield ind1=" " ind2=" " tag="245"><subfield code="a">Fehlersuche in transistorempfangern</subfield></datafield><datafield ind1=" " ind2=" " tag="260"><subfield code="a">Berlin, Veb Verlag Technik, 1966, 324p. + 5 Planse</subfield></datafield><datafield ind1=" " ind2=" " tag="852"><subfield code="a">25878</subfield></datafield></record></collection>